@article{morrison1968,
	author = {Morrison, Donald R.},
	title = {{PATRICIA -- Practical Algorithm To Retrieve Information Coded in Alphanumeric}},
	journal = {J. ACM},
	issue_date = {Oct. 1968},
	volume = {15},
	number = {4},
	month = oct,
	year = {1968},
	issn = {0004-5411},
	pages = {514--534},
	numpages = {21},
	url = {http://doi.acm.org/10.1145/321479.321481},
	doi = {10.1145/321479.321481},
	acmid = {321481},
	publisher = {ACM},
	address = {New York, NY, USA},
}

@inproceedings{cyclone,
	author = {Jim, Trevor and Morrisett, J. Greg and Grossman, Dan and Hicks, Michael W. and Cheney, James and Wang, Yanling},
	title = {{Cyclone: A Safe Dialect of C}},
	booktitle = {Proceedings of the General Track of the Annual Conference on USENIX Annual Technical Conference},
	series = {ATEC '02},
	year = {2002},
	isbn = {1-880446-00-6},
	pages = {275--288},
	numpages = {14},
	url = {http://dl.acm.org/citation.cfm?id=647057.713871},
	acmid = {713871},
	publisher = {USENIX Association},
	address = {Berkeley, CA, USA},
}

@misc{rust-homepage,
	title = {{The Rust Programming Language (Homepage)}},
	howpublished = {\url{http://rust-lang.org}}
}

@misc{book-ownership,
	title = {{Ownership, The Rust Programming Language}},
	howpublished = {\url{http://doc.rust-lang.org/book/ownership.html}},
	year = 2015
}

@misc{issue-none-opt,
	title = {{Rust Issue \#6001 -- Represent enums with nullable pointers where possible}},
	howpublished = {\url{https://github.com/rust-lang/rust/pull/6001}},
	year = 2013
}

@misc{issue-tail-calls,
	title = {{Rust Issue \#217 -- Teach rustc to do tail calls}},
	howpublished = {\url{https://github.com/rust-lang/rust/issues/217}},
	year = 2011
}

@misc{parametric-mutability,
	title = {{Rust Internals -- Parameterisation over mutability}},
	howpublished = {\url{http://internals.rust-lang.org/t/parameterisation-over-mutability/235}},
	year = 2014
}

@misc{trie-map-macro,
	title = {{TrieMap source}},
	howpublished = {\url{https://github.com/contain-rs/trie/blob/b2a63cbca6caa171f44016454066831f5011590e/src/map.rs#L388}},
	year = 2015
}

@misc{nibble-vec-split-odd-fix,
	title = {{NibbleVec split\_odd bug fix}},
	howpublished = {\url{https://github.com/michaelsproul/rust_nibble_vec/commit/69edc98774656ec0b44ede9b34fce0d4ddb57fbb}},
	year = 2015
}

@misc{collection-views-rfc,
	title = {{Rust RFC \#216 -- Collection Views}},
	howpublished = {\url{https://github.com/rust-lang/rfcs/blob/master/text/0216-collection-views.md}},
	year = 2014
}

@misc{macro-reform-rfc,
	title = {{Rust RFC \#453 -- Macro Reform}},
	howpublished = {\url{https://github.com/rust-lang/rfcs/blob/master/text/0453-macro-reform.md}},
	year = 2015
}

@misc{original-trie-map,
	title = {{Daniel Micay's Trie Map}},
	howpublished = {\url{https://github.com/rust-lang/rust/commit/a4d22635e1453d77e90c4335f5c2e1f62e3185eb}},
	year = 2013
}

@misc{trie-map-entry-api,
	title = {{Rust Issue \#18287 -- Implement the collection views API for TrieMap}},
	howpublished = {\url{https://github.com/rust-lang/rust/pull/18287}},
	year = 2014
}
